<?xml version="1.0" encoding="UTF-8"?><record xmlns="http://www.loc.gov/MARC21/slim" xmlns:cinclude="http://apache.org/cocoon/include/1.0" xmlns:zs="http://www.loc.gov/zing/srw/">
  <leader>00362nz  a2200133n  4500</leader>
  <controlfield tag="001">no2001026790</controlfield>
  <controlfield tag="003">DLC</controlfield>
  <controlfield tag="005">20010405071101.0</controlfield>
  <controlfield tag="008">010404n| acannaabn          |n aaa     c</controlfield>
  <datafield tag="010" ind1=" " ind2=" ">
    <subfield code="a">no2001026790</subfield>
  </datafield>
  <datafield tag="035" ind1=" " ind2=" ">
    <subfield code="a">(OCoLC)oca05455742</subfield>
  </datafield>
  <datafield tag="040" ind1=" " ind2=" ">
    <subfield code="a">AzTeS</subfield>
    <subfield code="b">eng</subfield>
    <subfield code="c">AzTeS</subfield>
  </datafield>
  <datafield tag="100" ind1="1" ind2=" ">
    <subfield code="a">Vesterholt, Sonia</subfield>
  </datafield>
  <datafield tag="670" ind1=" " ind2=" ">
    <subfield code="a">Russian avant-garde, 2000:</subfield>
    <subfield code="b">credits (Sonia Vesterholt; producer)</subfield>
  </datafield>
</record>